@book{anto, 
title = {Mastering bitcoin: Programming The open blockchain}, 
publisher = {O'Reilly Media, Inc.}, 
author = {Antonopoulos, Andreas M.}, 
year = {2017}
} 

@inproceedings{croman,
author = {Croman, Kyle and Decker, Christian and Eyal, Ittay and Gencer, Adem Efe and Juels, Ari and Kosba, Ahmed and Miller, Andrew and Saxena, Prateek and Shi, Elaine and Sirer, Emin and Song, Dawn and Wattenhofer, Roger},
year = {2016},
month = {2},
title = {On Scaling Decentralized Blockchains (A Position Paper)}
}

@inbook{mario,
author = {Stipčević, Mario and Koç, Çetin},
year = {2014},
month = {11},
pages = {275-315},
title = {True Random Number Generators},
isbn = {978-3-319-10682-3},
doi = {10.1007/978-3-319-10683-0_12}
}

@misc{jordan,
author = {Baczuk, Jordan},
month = {12},
title = {{Bitcoin Script Tutorial - Jordan Baczuk}},
year = {2021},
url = {https://medium.com/jordan.baczuk/bitcoin-script-tutorial-34752ec0bbb},
}

@article{yadav,
author = {Yadav, Nagendra Singh and Goar, Vishal and Kuri, Manoj},
year = {2020},
month = {02},
pages = {6056-6066},
title = {Crypto Wallet: A Perfect Combination with Blockchain and Security Solution for Banking},
volume = {24},
journal = {International Journal of Psychosocial Rehabilitation},
doi = {10.37200/IJPR/V24I2/PR2021078}
}

@misc{pinto, 
title={Bitcoin UTXO lifespan prediction}, 
url={http://cs229.stanford.edu/proj2015/225_report.pdf}, 
journal={Stanford}, 
author={Konrad, Robert and Pinto, Stephen}, 
year={2015}, 
month={Dec}
} 

@article{nakamoto,
author = {Nakamoto, Satoshi},
year = {2009},
month = {3},
pages = {},
title = {Bitcoin: A Peer-to-Peer Electronic Cash System},
journal = {Cryptography Mailing list at https://metzdowd.com}
}

@misc{jonck,
author = {Jönck, Uwe and Prill, Florian},
month = {2},
title = {{Das Lorenz-System}},
year = {2003},
url = {https://www.math.uni-hamburg.de/home/lauterbach/scripts/seminar03/prill.pdf},
journal = {Universität Hamburg}
}

@misc{taaki, 
title={Bitcoin/bips: Bitcoin improvement proposals}, 
url={https://github.com/bitcoin/bips/}, 
journal={GitHub}, 
author={Taaki, Amir}, 
year={2011}
}

@article{hanley,
author = {Hanley, Brian},
year = {2013},
month = {12},
pages = {},
title = {The False Premises and Promises of Bitcoin}
}
